@online{BInsider,
	title = {THE DRONES REPORT},
	url = {http://www.businessinsider.com/uav-or-commercial-drone-market-forecast-2015-2?IR=T},
	note = {Odwiedzono: 2017-08-15},
}
@Book{Rosin,
author = {Paul L. Rosin i Tim Ellis},
title = {Image difference threshold strategies and shadow detection},
year = {1995},
pages = {347-356},
langid = {polish},
}
@Book{Aroh,
author = {Aroh Barjatya},
title = {Block Matching Algorithms For Motion Estimation },
year = {2004},
langid = {polish},
}

@article{GradientMethods,
author = {Salhi, Afef},
year = {2012},
month = {04},
pages = {p674},
title = {Object tracking system using Camshift, Meanshift and Kalman filter},
volume = {6},
booktitle = {Journal of Science Education and Technology}
}

@ARTICLE{Fukunaga,
	author={K. Fukunaga and L. Hostetler},
	journal={IEEE Transactions on Information Theory},
	title={The estimation of the gradient of a density function, with applications in pattern recognition},
	year={1975},
	volume={21},
	number={1},
	pages={32-40},
	keywords={Nonparametric estimation;Pattern recognition;Probability functions},
	ISSN={0018-9448},
	month={January},
	langid = {polish},
}

@online{Egorov,
author = {Egorov Svetlana},
title = {Vision Topics Seminar: Mean Shift},
url = {http://slideplayer.com/slide/4973214/},
note = {Odwiedzono: 2017-08-19},
}

@Article{Patel,
author = {Hitesh Patel i Ashish Singhadia},
title = {Object Tracking System Using Mean Shift Algorithm and Implementation on FPGA},
year = {2014},
journal = {International Journal of Engineering Trends and Technology (IJETT) },
pages = {293-296},
langid = {polish},
}

@Book{Kryjak,
author = {Mateusz Komorkiewicz i Tomasz Kryjak},
title = {Projektowanie struktury układów FPGA},
note = {Skrypt do ćwiczeń laboratoryjnych},
year = {2014},
publisher = {AGH},
langid = {polish},
}

@Book{Comaniciu,
author = {Dorin Comaniciu i Visvanathan Ramesh},
title = {Real-Time Tracking of Non-Rigid Objects using Mean Shift},
journal = {IEEE Computer Society Conference on Computer Vision and Pattern Recognition},
year = {2000},
langid = {polish},
}

@Book{Dalal,
author = {Navneet Dalal i Bill Triggs},
title = {Histograms of oriented gradients for human detection},
journal = {IEEE Computer Society Conference on Computer Vision and Pattern Recognition},
year = {2005},
langid = {polish},
}

@Book{Gunn,
author = {Steve R. Gunn},
title = {Support Vector Machines for Classification and Regression},
publisher = {University of Southampton},
year = {1998},
pages = {5-16},
langid = {polish},
}

@Inbook{Bouhali2017,
	author="Bouhali, Mustapha
	and Shamani, Farid
	and Dahmane, Zine Elabadine
	and Belaidi, Abdelkader
	and Nurmi, Jari",
	editor="Wong, Stephan
	and Beck, Antonio Carlos
	and Bertels, Koen
	and Carro, Luigi",
	title="FPGA Applications in Unmanned Aerial Vehicles - A Review",
	bookTitle="Applied Reconfigurable Computing: 13th International Symposium, ARC 2017, Delft, The Netherlands, April 3-7, 2017, Proceedings",
	year="2017",
	publisher="Springer International Publishing",
	address="Cham",
	pages="217--228",
	abstract="Most of the existing Unmanned Aerial Vehicles (UAVs) in different scales, use microcontrollers as their processing engine. In this paper, we provide a wide study on how employing Field Programmable Gate Arrays (FPGAs) alters the development of such UAV systems. This work is organized based on the application's criticality. After surveying recent products, we reviewed significant researches concerning the use of FPGAs in high-level control techniques necessary for navigation such as path planning, Simultaneous Localization and Mapping (SLAM), stereo vision, as well as the safety-critical low-level tasks such as system stability, state estimation and interfacing with peripherals. In addition, we study the use of FPGAs in mission-critical tasks, including target tracking, communications, obstacle avoidance, etc. In this paper, we mainly review other research papers and compare them in different terms such as speed and energy consumption.",
	isbn="978-3-319-56258-2",
	url="https://doi.org/10.1007/978-3-319-56258-2_19",
	langid = {polish},
}


@Book{Mazur,
author = {Krzysztof Mazur},
title = {Wbudowany system wizyjny do śledzenia obiektów dla potrzeb nawigacji robota autonomicznego},
publisher = {AGH},
year = {2016},
langid = {polish},
}

@Book{Drozdz,
author = {Michał Drożdż},
title = {Implementacja sprzętowa modułu detekcji twarzy algorytmem HOG+SVM na potrzeby wbudowanego systemu wizyjnego do monitorowania stanu kierowcy},
publisher = {AGH},
year = {2016},
langid = {polish},
}



@online{CORDIC,
title = {CORDIC v6.0 - LogiCORE IP Product Guide},
url = {https://www.xilinx.com/support/documentation/ip_documentation/cordic/v6_0/pg105-cordic.pdf},
note = {Odwiedzono: 2017-08-19},
}

@online{FIFO,
title = {FIFO Generator v13.1 - LogiCORE IP Product Guide},
url = {https://www.xilinx.com/support/documentation/ip_documentation/fifo_generator/v13_1/pg057-fifo-generator.pdf},
note = {Odwiedzono: 2017-08-19},
}
@online{SPARK,
	title = {DJI SPARK},
	url = {http://www.dji.com/spark},
	note = {Odwiedzono: 2017-08-15},
}


@INPROCEEDINGS{Konomura,
	author={R. Konomura and K. Hori},
	booktitle={2014 International Conference on ReConFigurable Computing and FPGAs (ReConFig14)},
	title={Phenox: Zynq 7000 based quadcopter robot},
	year={2014},
	pages={1-6},
	keywords={Linux;aerospace control;helicopters;mobile robots;position control;public domain software;robot programming;user interfaces;CPU;FPGA;Linux OS;Phenox;Zynq 7000;autonomous flight;autonomous quadcopter robots;flight control;open-source libraries;palm-sized quadcopter robot;position estimation;user application programs;Cameras;Field programmable gate arrays;Libraries;Linux;Robot sensing systems},
	ISSN={2325-6532},
	month={Dec},
	langid = {polish},
}

@inproceedings{Eizad,
	author = {Eizad, Bazle and Doshi, Ashray and Postula, Adam},
	title = {FPGA Based Stability System for a Small-scale Quadrotor Unmanned Aerial Vehicle},
	booktitle = {Proceedings of the 8th FPGAWorld Conference},
	series = {FPGAWorld '11},
	year = {2011},
	isbn = {978-1-4503-1021-5},
	location = {Copenhagen and Stockholm and Munich, Denmark and Sweden and Germany},
	pages = {3:1--3:6},
	articleno = {3},
	numpages = {6},
	url = {http://doi.acm.org/10.1145/2157871.2157874},
	acmid = {2157874},
	publisher = {ACM},
	address = {New York, NY, USA},
	keywords = {FPGA, PD, UAV, VTOL, quadrotor, stability},
	langid = {polish},
} 

@article{Eizad2,
	title = "Development of micro-UAV with integrated motion planning for open-cut mining surveillance",
	journal = "Microprocessors and Microsystems",
	volume = "39",
	number = "8",
	pages = "829 - 835",
	year = "2015",
	note = "",
	issn = "0141-9331",
	url = "http://www.sciencedirect.com/science/article/pii/S0141933115001076",
	author = "Ashray A. Doshi and Adam J. Postula and Andrew Fletcher and Surya P.N. Singh",
	keywords = "Micro-UAV, Avionics, Motion planning, RRT, FPGA",
	angid = {polish},
}
@inproceedings{Schlender,
	author = {Schlender, Henning and Schreiner, S\"{o}ren and Metzdorf, Malte and Gr\"{u}ttner, Kim and Nebel, Wolfgang},
	title = {Teaching Mixed-Criticality: Multi-Rotor Flight Control and Payload Processing on a Single Chip},
	booktitle = {Proceedings of the WESE'15: Workshop on Embedded and Cyber-Physical Systems Education},
	series = {WESE'15},
	year = {2015},
	isbn = {978-1-4503-3897-4},
	location = {Amsterdam, Netherlands},
	pages = {9:1--9:8},
	articleno = {9},
	numpages = {8},
	acmid = {2832929},
	publisher = {ACM},
	address = {New York, NY, USA},
	keywords = {education, mixed-criticality cyber-physical systems, multirotor, student project group},
	langid = {polish},
}

@ARTICLE{SohKalman,
	author={J. Soh and X. Wu},
	journal={IEEE Transactions on Circuits and Systems II: Express Briefs},
	title={An FPGA-Based Unscented Kalman Filter for System-On-Chip Applications},
	year={2017},
	volume={64},
	number={4},
	pages={447-451},
	keywords={Kalman filters;field programmable gate arrays;hardware-software codesign;large-scale systems;nonlinear filters;system-on-chip;FPGA;UAV;Zynq-7000 XC7Z045;complex systems;embedded systems;fast accurate state estimation;field programmable gate arrays;hardware IP core;hardware-based approach;hardware-software codesign;mobile robotics;system-on-chip;unmanned aerial vehicle;unscented Kalman filter;Hardware;IP networks;Kalman filters;Matrix decomposition;Process control;Software;Coprocessors;Kalman filters;field-programmable gate array;nonlinear filters;signal processing;system-on-chip},
	ISSN={1549-7747},
	month={April},
	langid = {polish},
}
@INPROCEEDINGS{MEMS,
	author={Xiaolei Wang and Hongsheng Li and Bo Yang and Libin Huang and Shourong Wang},
	booktitle={International Conference on Automatic Control and Artificial Intelligence (ACAI 2012)},
	title={A prototype of MEMS gyroscope based on digital control},
	year={2012},
	pages={275-278},
	keywords={Micro Electronic Mechanical System (MEMS) gyroscope;automatic gain control (AGC);digital control system;phase locked loop (PLL);quadrature demodulation},
	month={March},
	langid = {polish},
}

@inproceedings{ESC,
	title={Design of an Integrated Electronic Speed Controller for Compact Robotic Vehicles},
	booktitle={Proceedings	of Australasian	Conference on Robotics and	Automation},
	author={Tefay, Benjamin and Eizad, Bazle and Crosthwaite, Peter and Singh, Surya and Postula, Adam},
	langid = {polish},
}
@online{MikroKopter,
	title = {HiSystems.GmbH. MikroKopter-Boards},
	url = {http://wiki.mikrokopter.de/en/MK-Board},
	note = {Odwiedzono: 2017-08-19},
}
@online{Aerotenna,
	title = {Aerotenna. OcPoC},
	url = {http://aerotenna.com/ocpoc/},
	note = {Odwiedzono: 2017-08-19},
}
@INPROCEEDINGS{RHOG,
	author={G. van der Wal and D. Zhang and I. Kandaswamy and J. Marakowitz and K. Kaighn and J. Zhang and S. Chai},
	booktitle={2015 IEEE Conference on Computer Vision and Pattern Recognition Workshops (CVPRW)},
	title={FPGA acceleration for feature based processing applications},
	year={2015},
	pages={42-47},
	keywords={computer vision;field programmable gate arrays;image matching;D-HCD;FPGA acceleration;R-HOG;UAV applications;aerial drone;aerial scene matching;distributed feature detector;feature based vision processing applications;rotational invariant feature descriptor;Acceleration;Algorithm design and analysis;Detectors;Feature extraction;Field programmable gate arrays;Histograms;Videos},
	ISSN={2160-7508},
	month={June},	
	langid = {polish},
}
@INPROCEEDINGS{STEREOVISION,
	author={D. Honegger and H. Oleynikova and M. Pollefeys},
	booktitle={2014 IEEE/RSJ International Conference on Intelligent Robots and Systems},
	title={Real-time and low latency embedded computer vision hardware based on a combination of FPGA and mobile CPU},
	year={2014},
	pages={4930-4935},
	keywords={computer vision;control engineering computing;embedded systems;field programmable gate arrays;image matching;image sensors;mobile computing;mobile robots;FPGA;dense disparity images;disparity estimation;image sensor;low latency embedded computer vision hardware;low-power mobile CPUs;mobile robot control loops;real-time embedded computer vision hardware;semiglobal matching algorithm;smartphones;stereo camera setup;Cameras;Estimation;Field programmable gate arrays;Image sensors;Mobile communication;Real-time systems;Streaming media},
	ISSN={2153-0858},
	month={Sept},
	langid = {polish},	
}

@INPROCEEDINGS{STEREOVISION2,
	author={H. Oleynikova and D. Honegger and M. Pollefeys},
	booktitle={2015 IEEE International Conference on Robotics and Automation (ICRA)},
	title={Reactive avoidance using embedded stereo vision for MAV flight},
	year={2015},
	pages={50-56},
	keywords={collision avoidance;field programmable gate arrays;robot vision;space vehicles;stereo image processing;visual perception;3D path planning;CPU;FPGA;MAV flight;VGA-sized images;cluttered environments;complex environments;dynamic environments;embedded stereo vision;ground station;high-level mapping;image acquisition;light-weight low power stereo vision system;light-weight safety layer;micro aerial vehicles;obstacle avoidance;off-board control;on-board control;reactive avoidance;reactive maneuvers;Collision avoidance;Field programmable gate arrays;Mobile communication;Navigation;Optical sensors;Robots;Stereo vision},
	ISSN={1050-4729},
	month={May},
	langid = {polish},
}

@INPROCEEDINGS{STEREOVISION3,
	author={Xiao Zhou and Xiaoliang Zheng and Kejun Ou},
	booktitle={2017 2nd International Conference on Image, Vision and Computing (ICIVC)},
	title={Power line detect system based on stereo vision and FPGA},
	year={2017},
	pages={715-719},
	keywords={autonomous aerial vehicles;field programmable gate arrays;image matching;mathematical morphology;object detection;power cables;real-time systems;robot vision;stereo image processing;transforms;FPGA;UAV;binocular vision;cross-based arbitrary shape support region method;depth image;			field programmable gate array;matching cost initial method;minicensus transform;morphology;power lines patrol;real time disparity map;real-time power line detect system;stereo matching;stereo vision;textureless images;unmanned aerial vehicle;Decision making;Digital signal processing;Field 			programmable gate arrays;Image edge detection;Real-time systems;Robustness;Shape;FPGA;census transform;morphology;power line detect;real time;stereo vision},
	month={June},
	langid = {polish},
}

@INPROCEEDINGS{FIRE,
author={T. Giitsidis and E. G. Karakasis and A. Gasteratos and G. C. Sirakoulis},
booktitle={2015 23rd Euromicro International Conference on Parallel, Distributed, and Network-Based Processing},
title={Human and Fire Detection from High Altitude UAV Images},
year={2015},
pages={309-315},
keywords={autonomous aerial vehicles;computer vision;field programmable gate arrays;infrared imaging;motion estimation;object detection;object tracking;optical sensors;parallel processing;surveillance;wildfires;FPGA;UAV flights;blob detection;color based descriptor;computer vision algorithms;field programmable gate array;fire detection;fire detection algorithms;fire spreading prevention;flight altitude;high altitude UAV images;human detection process;human recognition information;illegal migration;incident location;incident surveillance;motion detection;mountainous terrain;object tracking;optical images;optical sensors;parallel image processing;sophisticated image processing;southern European countries;suspicious activity detection;thermal images;thermal imaging;thermal sensors;thick forests;unmanned aerial vehicles;vertical shooting images;wildfires;Computer architecture;Detectors;Field programmable gate arrays;Hardware;Image color analysis;Optical sensors;Cellular Automata;FPGA;UAV;computer vision;fire detection;human detection},
ISSN={1066-6192},
month={March,
	langid = {polish},
	},
}
@INPROCEEDINGS{Chenini,
author={H. Chenini and D. Heller and C. Dezan and J. Diguet and D. Campbell},
booktitle={2015 IEEE International Conference on Acoustics, Speech and Signal Processing (ICASSP)},
title={Embedded real-time localization of UAV based on an hybrid device},
year={2015},
pages={1543-1547},
keywords={autonomous aerial vehicles;cameras;estimation theory;image sequences;indoor environment;pose estimation;3D pose;Harris corner detector;Levenberg-Marquardt;UAV;embedded real-time localization;hybrid device;indoor environment;on-board camera;outdoor environment;programmable chip platform;random sample consensus algorithm;real time camera pose estimation algorithm;unmanned aerial vehicle;Estimation;Indexes;Performance evaluation;Table lookup;3D pose of the camera;Harris corner;Levenberg-Marquardt;Localization;Matching;UAV;Zynq board},
ISSN={1520-6149},
month={April},
langid = {polish},}

@online{HSV,
	title = {Model opisu przestrzeni barw HSV},
	url = {https://pl.wikipedia.org/wiki/HSV\_(grafika)},
	note = {Odwiedzono: 2017-08-19},
}
 
@online{AMP,
title = {Multi-OS Support (AMP \& Hypervisor)},
url = {http://www.wiki.xilinx.com/Multi-OS+Support+%28AMP+%26+Hypervisor%29},
note = {Odwiedzono: 2017-08-19},
}

@online{PixhawkSerial,
title = {Telemetry / Serial Port Setup},
url = {http://ardupilot.org/copter/docs/common-telemetry-port-setup-for-apm-px4-and-pixhawk.html},
note = {Odwiedzono: 2017-08-15},
}
@online{FlightModes,
	title = {Flight Modes},
	url = {http://ardupilot.org/copter/docs/flight-modes.html},
	note = {Odwiedzono: 2017-08-15},
}


@online{ArduCopterCmds,
title = {MAVLink Mission Command Messages (MAV\_CMD)},
url = {http://ardupilot.org/copter/docs/common-mavlink-mission-command-messages-mav_cmd.html},
note = {Odwiedzono: 2017-08-15},
}

@online{MAVLinkMSG,
title = {MAVLINK ArduPilotMega Message Set},
url = {http://mavlink.org/messages/ardupilotmega},
note = {Odwiedzono: 2017-08-15},
}


@online{PYNQ_sch,
title = {PYNQ-Z1 Reference Manual},
url = {https://reference.digilentinc.com/reference/programmable-logic/pynq-z1/reference-manual},
note = {Odwiedzono: 2017-08-15},
}
